<?xml version="1.0" encoding="UTF-8"?><record xmlns="http://www.loc.gov/MARC21/slim" xmlns:cinclude="http://apache.org/cocoon/include/1.0" xmlns:zs="http://www.loc.gov/zing/srw/">
  <leader>00332nz  a2200121n  4500</leader>
  <controlfield tag="001">n  96060635 </controlfield>
  <controlfield tag="003">DLC</controlfield>
  <controlfield tag="005">19960620090304.1</controlfield>
  <controlfield tag="008">960620n| acannaab|          |n aaa |||  </controlfield>
  <datafield tag="010" ind1=" " ind2=" ">
    <subfield code="a">n  96060635 </subfield>
  </datafield>
  <datafield tag="040" ind1=" " ind2=" ">
    <subfield code="a">DLC</subfield>
    <subfield code="c">DLC</subfield>
  </datafield>
  <datafield tag="100" ind1="1" ind2="0">
    <subfield code="a">Polek, Krzysztof</subfield>
  </datafield>
  <datafield tag="670" ind1=" " ind2=" ">
    <subfield code="a">Podstawy gospodarcze panĚstwa wielkomorawskiego, 1994:</subfield>
    <subfield code="b">t.p. (Krzysztof Polek)</subfield>
  </datafield>
</record>